<?xml version="1.0" encoding="UTF-8"?><record xmlns="http://www.loc.gov/MARC21/slim" xmlns:cinclude="http://apache.org/cocoon/include/1.0" xmlns:zs="http://www.loc.gov/zing/srw/">
  <leader>01389cz  a2200265n  4500</leader>
  <controlfield tag="001">n  00091149 </controlfield>
  <controlfield tag="003">DLC</controlfield>
  <controlfield tag="005">20150213112620.0</controlfield>
  <controlfield tag="008">000811n| azannaabn          |n aaa      </controlfield>
  <datafield tag="010" ind1=" " ind2=" ">
    <subfield code="a">n  00091149 </subfield>
    <subfield code="z">n 2014073836</subfield>
  </datafield>
  <datafield tag="035" ind1=" " ind2=" ">
    <subfield code="a">(OCoLC)oca05288156</subfield>
  </datafield>
  <datafield tag="040" ind1=" " ind2=" ">
    <subfield code="a">DLC</subfield>
    <subfield code="b">eng</subfield>
    <subfield code="e">rda</subfield>
    <subfield code="c">DLC</subfield>
    <subfield code="d">ICrlF</subfield>
    <subfield code="d">DLC</subfield>
  </datafield>
  <datafield tag="046" ind1=" " ind2=" ">
    <subfield code="f">19430523</subfield>
  </datafield>
  <datafield tag="100" ind1="1" ind2=" ">
    <subfield code="a">Jefferson, Warren,</subfield>
    <subfield code="d">1943-</subfield>
  </datafield>
  <datafield tag="370" ind1=" " ind2=" ">
    <subfield code="e">Summertown (Tenn.)</subfield>
  </datafield>
  <datafield tag="372" ind1=" " ind2=" ">
    <subfield code="a">Authorship</subfield>
    <subfield code="a">Graphic art</subfield>
    <subfield code="a">Photography</subfield>
    <subfield code="a">Publishing</subfield>
  </datafield>
  <datafield tag="373" ind1=" " ind2=" ">
    <subfield code="a">Book Publishing Company</subfield>
  </datafield>
  <datafield tag="374" ind1=" " ind2=" ">
    <subfield code="a">Writer</subfield>
    <subfield code="a">Graphic artist</subfield>
    <subfield code="a">Photographer</subfield>
    <subfield code="a">Publisher</subfield>
  </datafield>
  <datafield tag="375" ind1=" " ind2=" ">
    <subfield code="a">male</subfield>
  </datafield>
  <datafield tag="377" ind1=" " ind2=" ">
    <subfield code="a">eng</subfield>
  </datafield>
  <datafield tag="378" ind1=" " ind2=" ">
    <subfield code="q">Warren Clarence</subfield>
  </datafield>
  <datafield tag="670" ind1=" " ind2=" ">
    <subfield code="a">Jefferson, Warren. The world of Chief Seattle, 2000:</subfield>
    <subfield code="b">CIP t.p. (Warren Jefferson) data sheet (Jefferson, Warren Clarence; b. 05-23-43)</subfield>
  </datafield>
  <datafield tag="670" ind1=" " ind2=" ">
    <subfield code="a">His Enhance your health with fermented foods, 2015:</subfield>
    <subfield code="b">ECIP t.p. (Warren Jefferson)</subfield>
  </datafield>
  <datafield tag="670" ind1=" " ind2=" ">
    <subfield code="a">His Understanding gout, 2014:</subfield>
    <subfield code="b">p. 47 (Warren Jefferson; graphic artist, photographer, and research writer for the Book Publishing Company which publishes books on vegan and raw foods lifestyles, alternative health, and Native American culture; a founding member of an intentional community in Tennessee called The Farm)</subfield>
  </datafield>
  <datafield tag="670" ind1=" " ind2=" ">
    <subfield code="a">Book Publishing Company WWW site, Jan. 17, 2015:</subfield>
    <subfield code="b">(Book Publishing Company; located on The Farm in Summertown, Tenn.; imprints include  Healthy Living and Native Voices)</subfield>
  </datafield>
</record>